<?xml version="1.0" encoding="UTF-8" ?>
<collection xmlns:xsi="http://www.w3.org/2001/XMLSchema-instance" xsi:schemaLocation="http://www.loc.gov/MARC21/slim http://www.loc.gov/standards/marcxml/schema/MARC21slim.xsd" xmlns="http://www.loc.gov/MARC21/slim">
   <record>
      <leader>     mam a22      a 4500</leader>
      <controlfield tag="001">1926067</controlfield>
      <controlfield tag="003">COO</controlfield>
      <controlfield tag="005">20140916173118.0</controlfield>
      <controlfield tag="008">861218s1940    ua h     b    001 0 ara d</controlfield>
      <datafield tag="035" ind1=" " ind2=" ">
         <subfield code="a">(NIC)notisAJY9824</subfield>
      </datafield>
      <datafield tag="035" ind1=" " ind2=" ">
         <subfield code="a">(OCoLC)30940502</subfield>
      </datafield>
      <datafield tag="035" ind1=" " ind2=" ">
         <subfield code="a">1926067</subfield>
      </datafield>
      <datafield tag="040" ind1=" " ind2=" ">
         <subfield code="a">NIC</subfield>
         <subfield code="c">NIC</subfield>
      </datafield>
      <datafield tag="041" ind1="0" ind2=" ">
         <subfield code="a">arafre</subfield>
         <subfield code="a">ra</subfield>
      </datafield>
      <datafield tag="100" ind1="1" ind2=" ">
         <subfield code="a">Maimonides, Moses,</subfield>
         <subfield code="d">1135-1204.</subfield>
      </datafield>
      <datafield tag="245" ind1="1" ind2="0">
         <subfield code="a">Sharḥ asmāʾ al-ʻuqqār /</subfield>
         <subfield code="c">li-Abī ʻUmrān ibn Musá ibn ʻUbayd Allāh al-Isrāʾīlī al-Qurṭubī ; nasharahu wa-ṣaḥḥaḥahu wa-rājaʻahu ʻalá al-nuskhah al-waḥīdah al-maḥfẓ̄ah bi-Istanbūl Māks Mayarhūf.</subfield>
      </datafield>
      <datafield tag="260" ind1=" " ind2=" ">
         <subfield code="a">Le Caire,</subfield>
         <subfield code="b">Impr. de l&apos;Institut français dʹarchéologie orientale,</subfield>
         <subfield code="c">1940.</subfield>
      </datafield>
      <datafield tag="300" ind1=" " ind2=" ">
         <subfield code="a">lxxvi, 69 p. :</subfield>
         <subfield code="b">facsims. ;</subfield>
         <subfield code="c">28 cm.</subfield>
      </datafield>
      <datafield tag="500" ind1=" " ind2=" ">
         <subfield code="a">Arabic and French.</subfield>
      </datafield>
      <datafield tag="500" ind1=" " ind2=" ">
         <subfield code="a">Added title: L&apos;explication des noms de drogues: un glossaire de matière médicale de Maïmonide = Šarḥ asmāʾ al-ʻuqqār.</subfield>
      </datafield>
      <datafield tag="504" ind1=" " ind2=" ">
         <subfield code="a">Includes bibliographical references (p. [lxxi]-lxxvi) and indexes.</subfield>
      </datafield>
      <datafield tag="650" ind1=" " ind2="0">
         <subfield code="a">Materia medica</subfield>
         <subfield code="x">Early works to 1800.</subfield>
      </datafield>
      <datafield tag="650" ind1=" " ind2="0">
         <subfield code="a">Materia medica</subfield>
         <subfield code="v">Dictionaries</subfield>
         <subfield code="x">Early works to 1800.</subfield>
      </datafield>
      <datafield tag="650" ind1=" " ind2="0">
         <subfield code="a">Medicine, Arab</subfield>
         <subfield code="v">Dictionaries</subfield>
         <subfield code="x">Early works to 1800.</subfield>
      </datafield>
      <datafield tag="650" ind1=" " ind2="0">
         <subfield code="a">Materia medica</subfield>
         <subfield code="v">Dictionaries</subfield>
         <subfield code="x">Arabic.</subfield>
      </datafield>
      <datafield tag="650" ind1=" " ind2="0">
         <subfield code="a">Materia medica</subfield>
         <subfield code="v">Dictionaries</subfield>
         <subfield code="x">French.      </subfield>
      </datafield>
      <datafield tag="700" ind1="1" ind2=" ">
         <subfield code="a">Maimonides, Moses,</subfield>
         <subfield code="d">1135-1204.</subfield>
         <subfield code="t">Glossaire de matière médicale de Maïmonide.</subfield>
      </datafield>
      <datafield tag="700" ind1="1" ind2=" ">
         <subfield code="a">Meyerhof, Max,</subfield>
         <subfield code="d">1874-1945.</subfield>
      </datafield>
      <datafield tag="700" ind1="1" ind2=" ">
         <subfield code="a">Maimonides, Moses,</subfield>
         <subfield code="d">1135-1204.</subfield>
         <subfield code="t">Sharḥ asmāʾ al-ʻuqqār.</subfield>
         <subfield code="l">French.</subfield>
      </datafield>
      <datafield tag="740" ind1="2" ind2=" ">
         <subfield code="a">Explication des noms de drogues.</subfield>
      </datafield>
      <datafield tag="740" ind1="3" ind2=" ">
         <subfield code="a">Glossaire de matiere médicale de Maïmonide.</subfield>
      </datafield>
      <datafield tag="740" ind1="0" ind2=" ">
         <subfield code="a">Šarḥ asmāʾ al-ʻuqqār.</subfield>
      </datafield>
      <datafield tag="905" ind1=" " ind2=" ">
         <subfield code="a">19931210120000.0</subfield>
      </datafield>
      <datafield tag="903" ind1=" " ind2=" ">
         <subfield code="a">NYUACO</subfield>
         <subfield code="d">20141028</subfield>
         <subfield code="p">31924068871403</subfield>
      </datafield>
      <datafield tag="950" ind1=" " ind2=" ">
         <subfield code="a">+</subfield>
         <subfield code="b">R135.5.M97 S53 1940</subfield>
         <subfield code="v"> </subfield>
      </datafield>
   </record>
</collection>
